@incollection{Zimmermann:1988:ORM:59309.59310,
 author = {Zimmermann, H.},
 chapter = {OSI Reference Model\&Mdash;The ISO Model of Architecture for Open Systems Interconnection},
 title = {Innovations in Internetworking},
 editor = {Partridge, C.},
 year = {1988},
 isbn = {0-89006-337-0},
 pages = {2--9},
 numpages = {8},
 url = {http://dl.acm.org/citation.cfm?id=59309.59310},
 acmid = {59310},
 publisher = {Artech House, Inc.},
 address = {Norwood, MA, USA}
}

@book{TCPIP,
AUTHOR    = "D. E. Comer",
TITLE     = "{Internetworking with TCP/IP - Volume I: Principles, Protocols and Architecture}",
PUBLISHER	= "Prentice Hall",
EDITION = 3,
YEAR    = 1995
}


